<collection xmlns="http://www.loc.gov/MARC21/slim"><record><leader>00879nam  2200253   450</leader><controlfield tag="001">169</controlfield><controlfield tag="003">http://montalegre.opacnet.com/OPAC/default.aspx?ContentAreaControl=ShowRegHoldings.ascx&amp;RegNo=16662</controlfield><controlfield tag="005">20</controlfield><datafield tag="010" ind1=" " ind2=" "><subfield code="a">972-44-0705-5</subfield></datafield><datafield tag="021" ind1=" " ind2=" "><subfield code="a">PT</subfield><subfield code="b">56442/92</subfield></datafield><datafield tag="100" ind1=" " ind2=" "><subfield code="a">20130131d1992    m  y0pory010305  ba</subfield></datafield><datafield tag="101" ind1="1" ind2=" "><subfield code="a">por</subfield><subfield code="c">eng</subfield></datafield><datafield tag="102" ind1=" " ind2=" "><subfield code="a">PT</subfield></datafield><datafield tag="200" ind1="1" ind2=" "><subfield code="a">&lt;Um &gt;Crime quase perfeito</subfield><subfield code="f">John Le Carré</subfield><subfield code="g">trad.: Mário Gonçalves</subfield></datafield><datafield tag="210" ind1=" " ind2=" "><subfield code="a">Lisboa</subfield><subfield code="c">Edições 70</subfield><subfield code="d">1992</subfield></datafield><datafield tag="215" ind1=" " ind2=" "><subfield code="a">175, [5] p.</subfield><subfield code="d">24 cm</subfield></datafield><datafield tag="225" ind1="2" ind2=" "><subfield code="a">Alibi</subfield><subfield code="i">&lt;Os &gt;clássicos do romance policial</subfield><subfield code="v">14</subfield></datafield><datafield tag="304" ind1=" " ind2=" "><subfield code="a">Tít. orig.: A murder of quality</subfield></datafield><datafield tag="608" ind1=" " ind2=" "><subfield code="a">Romance policial</subfield><subfield code="2">Autoridade</subfield><subfield code="3">PT9999-00-10-2009040123590005542</subfield></datafield><datafield tag="675" ind1=" " ind2=" "><subfield code="a">82-312.4</subfield></datafield><datafield tag="700" ind1=" " ind2="1"><subfield code="a">Le Carré</subfield><subfield code="b">John</subfield><subfield code="c">pseud.</subfield></datafield><datafield tag="702" ind1=" " ind2="1"><subfield code="a">Gonçalves</subfield><subfield code="b">Mário</subfield><subfield code="4">730</subfield></datafield><datafield tag="801" ind1=" " ind2="0"><subfield code="a">PT</subfield><subfield code="b">Biblioteca Municipal de Montalegre</subfield><subfield code="g">RPC</subfield></datafield><datafield tag="856" ind1=" " ind2=" "><subfield code="u">locateMedia.asp?cod=20060509165334&amp;ext=jpg</subfield><subfield code="z">CAPA</subfield></datafield><datafield tag="909" ind1="&#9;" ind2=" "><subfield code="a">1</subfield></datafield><datafield tag="966" ind1=" " ind2=" "><subfield code="a">0008218</subfield><subfield code="l">BMM</subfield><subfield code="s">SCG 82-312.4 LeC cri 14</subfield></datafield></record></collection>